<?xml version="1.0" encoding="UTF-8"?><Document xmlns="urn:iso:std:iso:20022:tech:xsd:camt.053.001.02"><BkToCstmrStmt><GrpHdr><MsgId>2023031811594666580001</MsgId><CreDtTm>2023-03-18T13:40:29</CreDtTm></GrpHdr><Stmt><Id>1159466658-EUR-1</Id><ElctrncSeqNb>1159466658</ElctrncSeqNb><CreDtTm>2023-03-18T13:40:17</CreDtTm><FrToDt><FrDtTm>2023-03-17T00:00:00</FrDtTm><ToDtTm>2023-03-17T23:59:59</ToDtTm></FrToDt><Acct><Id><IBAN>EE482200001120190831</IBAN></Id><Ccy>EUR</Ccy><Ownr><Nm>LÄÄNE-HARJU VALD, KARJAKÜLA ALEVIK, METSA TN.10 KÜ</Nm><PstlAdr><Ctry>EE</Ctry><AdrLine>METSA 10, HARJUMAA, KARJAKÜLA ALEVIK</AdrLine></PstlAdr><Id><OrgId><Othr><Id>80010076</Id></Othr></OrgId></Id></Ownr><Svcr><FinInstnId><BIC>HABAEE2X</BIC><Nm>Swedbank AS</Nm><PstlAdr><Ctry>EE</Ctry><AdrLine>LIIVALAIA 8, TALLINN, 15040</AdrLine></PstlAdr><Othr><Id>10060701</Id><SchmeNm><Cd>COID</Cd></SchmeNm></Othr></FinInstnId></Svcr></Acct><Bal><Tp><CdOrPrtry><Cd>OPBD</Cd></CdOrPrtry></Tp><CdtLine><Incl>false</Incl></CdtLine><Amt Ccy="EUR">24833.53</Amt><CdtDbtInd>CRDT</CdtDbtInd><Dt><Dt>2023-03-17</Dt></Dt></Bal><Bal><Tp><CdOrPrtry><Cd>CLBD</Cd></CdOrPrtry></Tp><Amt Ccy="EUR">24734.19</Amt><CdtDbtInd>CRDT</CdtDbtInd><Dt><Dt>2023-03-17</Dt></Dt></Bal><TxsSummry><TtlCdtNtries><NbOfNtries>0</NbOfNtries><Sum>0.00</Sum></TtlCdtNtries><TtlDbtNtries><NbOfNtries>2</NbOfNtries><Sum>99.34</Sum></TtlDbtNtries></TxsSummry><Ntry><NtryRef>2023031700145323-1</NtryRef><Amt Ccy="EUR">34.32</Amt><CdtDbtInd>DBIT</CdtDbtInd><Sts>BOOK</Sts><BookgDt><Dt>2023-03-17</Dt></BookgDt><ValDt><Dt>2023-03-17</Dt></ValDt><AcctSvcrRef>2023031700145323-1</AcctSvcrRef><BkTxCd><Domn><Cd>PMNT</Cd><Fmly><Cd>ICDT</Cd><SubFmlyCd>AUTT</SubFmlyCd></Fmly></Domn><Prtry><Cd>MK</Cd><Issr>Swedbank AS</Issr></Prtry></BkTxCd><NtryDtls><TxDtls><Refs><AcctSvcrRef>2023031700145323-1</AcctSvcrRef><InstrId>SOP</InstrId><EndToEndId>771677589171</EndToEndId></Refs><AmtDtls><InstdAmt><Amt Ccy="EUR">34.32</Amt></InstdAmt><TxAmt><Amt Ccy="EUR">34.32</Amt></TxAmt></AmtDtls><RltdPties><UltmtDbtr><Id><PrvtId><Othr><Id>77151000005</Id><SchmeNm><Cd>CUST</Cd></SchmeNm></Othr></PrvtId></Id></UltmtDbtr><Cdtr><Nm>EESTI ENERGIA AS</Nm><Id><OrgId><Othr><Id>10421629</Id><SchmeNm><Cd>COID</Cd></SchmeNm></Othr></OrgId></Id><CtryOfRes>EE</CtryOfRes></Cdtr><CdtrAcct><Id><IBAN>EE232200001180005555</IBAN></Id></CdtrAcct></RltdPties><RltdAgts><CdtrAgt><FinInstnId><BIC>HABAEE2XXXX</BIC></FinInstnId></CdtrAgt></RltdAgts><RmtInf><Ustrd>771677589171</Ustrd><Strd><CdtrRefInf><Tp><CdOrPrtry><Cd>SCOR</Cd></CdOrPrtry></Tp><Ref>77151000005</Ref></CdtrRefInf></Strd></RmtInf></TxDtls></NtryDtls></Ntry><Ntry><NtryRef>2023031700145335-1</NtryRef><Amt Ccy="EUR">65.02</Amt><CdtDbtInd>DBIT</CdtDbtInd><Sts>BOOK</Sts><BookgDt><Dt>2023-03-17</Dt></BookgDt><ValDt><Dt>2023-03-17</Dt></ValDt><AcctSvcrRef>2023031700145335-1</AcctSvcrRef><BkTxCd><Domn><Cd>PMNT</Cd><Fmly><Cd>ICDT</Cd><SubFmlyCd>AUTT</SubFmlyCd></Fmly></Domn><Prtry><Cd>MK</Cd><Issr>Swedbank AS</Issr></Prtry></BkTxCd><NtryDtls><TxDtls><Refs><AcctSvcrRef>2023031700145335-1</AcctSvcrRef><InstrId>SOP</InstrId><EndToEndId>178204703427</EndToEndId></Refs><AmtDtls><InstdAmt><Amt Ccy="EUR">65.02</Amt></InstdAmt><TxAmt><Amt Ccy="EUR">65.02</Amt></TxAmt></AmtDtls><RltdPties><UltmtDbtr><Id><PrvtId><Othr><Id>1789849968</Id><SchmeNm><Cd>CUST</Cd></SchmeNm></Othr></PrvtId></Id></UltmtDbtr><Cdtr><Nm>ELEKTRUM EESTI OÜ</Nm><Id><OrgId><Othr><Id>11399985</Id><SchmeNm><Cd>COID</Cd></SchmeNm></Othr></OrgId></Id><CtryOfRes>EE</CtryOfRes></Cdtr><CdtrAcct><Id><IBAN>EE852200221055633162</IBAN></Id></CdtrAcct></RltdPties><RltdAgts><CdtrAgt><FinInstnId><BIC>HABAEE2XXXX</BIC></FinInstnId></CdtrAgt></RltdAgts><RmtInf><Ustrd>Arve nr. 178204703427</Ustrd></RmtInf></TxDtls></NtryDtls></Ntry></Stmt></BkToCstmrStmt></Document>