<?xml version="1.0" encoding="UTF-8"?>
<Document xmlns="urn:iso:std:iso:20022:tech:xsd:camt.052.001.02">
    <BkToCstmrAcctRpt>
        <GrpHdr>
            <MsgId>2023031711593037460001</MsgId>
            <CreDtTm>2023-03-17T10:56:27</CreDtTm>
        </GrpHdr>
        <Rpt>
            <Id>1159303746-EUR-1</Id>
            <CreDtTm>2023-03-17T10:55:54</CreDtTm>
            <FrToDt>
                <FrDtTm>2023-03-01T00:00:00</FrDtTm>
                <ToDtTm>2023-03-17T10:55:54</ToDtTm>
            </FrToDt>
            <Acct>
                <Id>
                    <IBAN>EE482200001120190831</IBAN>
                </Id>
                <Ccy>EUR</Ccy>
                <Ownr>
                    <Nm>LÄÄNE-HARJU VALD, KARJAKÜLA ALEVIK, METSA TN.10 KÜ</Nm>
                    <PstlAdr>
                        <Ctry>EE</Ctry>
                        <AdrLine>METSA 10, HARJUMAA, KARJAKÜLA ALEVIK</AdrLine>
                    </PstlAdr>
                    <Id>
                        <OrgId>
                            <Othr>
                                <Id>80010076</Id>
                            </Othr>
                        </OrgId>
                    </Id>
                </Ownr>
                <Svcr>
                    <FinInstnId>
                        <BIC>HABAEE2X</BIC>
                        <Nm>Swedbank AS</Nm>
                        <PstlAdr>
                            <Ctry>EE</Ctry>
                            <AdrLine>LIIVALAIA 8, TALLINN, 15040</AdrLine>
                        </PstlAdr>
                        <Othr>
                            <Id>10060701</Id>
                            <SchmeNm>
                                <Cd>COID</Cd>
                            </SchmeNm>
                        </Othr>
                    </FinInstnId>
                </Svcr>
            </Acct>
            <Bal>
                <Tp>
                    <CdOrPrtry>
                        <Cd>OPBD</Cd>
                    </CdOrPrtry>
                </Tp>
                <CdtLine>
                    <Incl>false</Incl>
                </CdtLine>
                <Amt Ccy="EUR">24249.08</Amt>
                <CdtDbtInd>CRDT</CdtDbtInd>
                <Dt>
                    <Dt>2023-03-01</Dt>
                </Dt>
            </Bal>
            <Bal>
                <Tp>
                    <CdOrPrtry>
                        <Cd>ITBD</Cd>
                    </CdOrPrtry>
                </Tp>
                <Amt Ccy="EUR">24734.19</Amt>
                <CdtDbtInd>CRDT</CdtDbtInd>
                <Dt>
                    <Dt>2023-03-17</Dt>
                </Dt>
            </Bal>
            <Bal>
                <Tp>
                    <CdOrPrtry>
                        <Prtry>RESERVED</Prtry>
                    </CdOrPrtry>
                </Tp>
                <Amt Ccy="EUR">0.00</Amt>
                <CdtDbtInd>CRDT</CdtDbtInd>
                <Dt>
                    <Dt>2023-03-17</Dt>
                </Dt>
            </Bal>
            <Bal>
                <Tp>
                    <CdOrPrtry>
                        <Cd>ITAV</Cd>
                    </CdOrPrtry>
                </Tp>
                <CdtLine>
                    <Incl>true</Incl>
                    <Amt Ccy="EUR">0.00</Amt>
                </CdtLine>
                <Amt Ccy="EUR">24734.19</Amt>
                <CdtDbtInd>CRDT</CdtDbtInd>
                <Dt>
                    <Dt>2023-03-17</Dt>
                </Dt>
            </Bal>
            <TxsSummry>
                <TtlCdtNtries>
                    <NbOfNtries>15</NbOfNtries>
                    <Sum>1237.58</Sum>
                </TtlCdtNtries>
                <TtlDbtNtries>
                    <NbOfNtries>7</NbOfNtries>
                    <Sum>752.47</Sum>
                </TtlDbtNtries>
            </TxsSummry>
            <Ntry>
                <NtryRef>2023030100225980-1</NtryRef>
                <Amt Ccy="EUR">2.00</Amt>
                <CdtDbtInd>DBIT</CdtDbtInd>
                <Sts>BOOK</Sts>
                <BookgDt>
                    <Dt>2023-03-01</Dt>
                </BookgDt>
                <ValDt>
                    <Dt>2023-03-01</Dt>
                </ValDt>
                <AcctSvcrRef>2023030100225980-1</AcctSvcrRef>
                <BkTxCd>
                    <Domn>
                        <Cd>ACMT</Cd>
                        <Fmly>
                            <Cd>MDOP</Cd>
                            <SubFmlyCd>CHRG</SubFmlyCd>
                        </Fmly>
                    </Domn>
                    <Prtry>
                        <Cd>M</Cd>
                        <Issr>Swedbank AS</Issr>
                    </Prtry>
                </BkTxCd>
                <NtryDtls>
                    <TxDtls>
                        <Refs>
                            <AcctSvcrRef>2023030100225980-1</AcctSvcrRef>
                        </Refs>
                        <AmtDtls>
                            <TxAmt>
                                <Amt Ccy="EUR">2.00</Amt>
                            </TxAmt>
                        </AmtDtls>
                        <RltdPties></RltdPties>
                        <RmtInf>
                            <Ustrd>Ärikliendi maksete paketi kuutasu 02.2023</Ustrd>
                        </RmtInf>
                    </TxDtls>
                </NtryDtls>
            </Ntry>
            <Ntry>
                <NtryRef>2023030600579693-1</NtryRef>
                <Amt Ccy="EUR">1.45</Amt>
                <CdtDbtInd>DBIT</CdtDbtInd>
                <Sts>BOOK</Sts>
                <BookgDt>
                    <Dt>2023-03-06</Dt>
                </BookgDt>
                <ValDt>
                    <Dt>2023-03-06</Dt>
                </ValDt>
                <AcctSvcrRef>2023030600579693-1</AcctSvcrRef>
                <BkTxCd>
                    <Domn>
                        <Cd>PMNT</Cd>
                        <Fmly>
                            <Cd>ICDT</Cd>
                            <SubFmlyCd>BOOK</SubFmlyCd>
                        </Fmly>
                    </Domn>
                    <Prtry>
                        <Cd>MK</Cd>
                        <Issr>Swedbank AS</Issr>
                    </Prtry>
                </BkTxCd>
                <NtryDtls>
                    <TxDtls>
                        <Refs>
                            <AcctSvcrRef>2023030600579693-1</AcctSvcrRef>
                            <InstrId>103</InstrId>
                        </Refs>
                        <AmtDtls>
                            <InstdAmt>
                                <Amt Ccy="EUR">1.45</Amt>
                            </InstdAmt>
                            <TxAmt>
                                <Amt Ccy="EUR">1.45</Amt>
                            </TxAmt>
                        </AmtDtls>
                        <RltdPties>
                            <Cdtr>
                                <Nm>AS EESTI POST</Nm>
                                <CtryOfRes>EE</CtryOfRes>
                            </Cdtr>
                            <CdtrAcct>
                                <Id>
                                    <IBAN>EE052200221001127198</IBAN>
                                </Id>
                            </CdtrAcct>
                        </RltdPties>
                        <RltdAgts>
                            <CdtrAgt>
                                <FinInstnId>
                                    <BIC>HABAEE2XXXX</BIC>
                                </FinInstnId>
                            </CdtrAgt>
                        </RltdAgts>
                        <RmtInf>
                            <Ustrd>Tellimuse 1439967 makse</Ustrd>
                            <Strd>
                                <CdtrRefInf>
                                    <Tp>
                                        <CdOrPrtry>
                                            <Cd>SCOR</Cd>
                                        </CdOrPrtry>
                                    </Tp>
                                    <Ref>40014399673</Ref>
                                </CdtrRefInf>
                            </Strd>
                        </RmtInf>
                    </TxDtls>
                </NtryDtls>
            </Ntry>
            <Ntry>
                <NtryRef>2023030600746284-1</NtryRef>
                <Amt Ccy="EUR">76.80</Amt>
                <CdtDbtInd>DBIT</CdtDbtInd>
                <Sts>BOOK</Sts>
                <BookgDt>
                    <Dt>2023-03-06</Dt>
                </BookgDt>
                <ValDt>
                    <Dt>2023-03-06</Dt>
                </ValDt>
                <AcctSvcrRef>2023030600746284-1</AcctSvcrRef>
                <BkTxCd>
                    <Domn>
                        <Cd>PMNT</Cd>
                        <Fmly>
                            <Cd>ICDT</Cd>
                            <SubFmlyCd>BOOK</SubFmlyCd>
                        </Fmly>
                    </Domn>
                    <Prtry>
                        <Cd>MK</Cd>
                        <Issr>Swedbank AS</Issr>
                    </Prtry>
                </BkTxCd>
                <NtryDtls>
                    <TxDtls>
                        <Refs>
                            <AcctSvcrRef>2023030600746284-1</AcctSvcrRef>
                        </Refs>
                        <AmtDtls>
                            <InstdAmt>
                                <Amt Ccy="EUR">76.80</Amt>
                            </InstdAmt>
                            <TxAmt>
                                <Amt Ccy="EUR">76.80</Amt>
                            </TxAmt>
                        </AmtDtls>
                        <RltdPties>
                            <Cdtr>
                                <Nm>JELENA JAKOBSON</Nm>
                                <CtryOfRes>EE</CtryOfRes>
                            </Cdtr>
                            <CdtrAcct>
                                <Id>
                                    <IBAN>EE662200221011221084</IBAN>
                                </Id>
                            </CdtrAcct>
                        </RltdPties>
                        <RltdAgts>
                            <CdtrAgt>
                                <FinInstnId>
                                    <BIC>HABAEE2XXXX</BIC>
                                </FinInstnId>
                            </CdtrAgt>
                        </RltdAgts>
                        <RmtInf>
                            <Ustrd>Kokkuleppel</Ustrd>
                        </RmtInf>
                    </TxDtls>
                </NtryDtls>
            </Ntry>
            <Ntry>
                <NtryRef>2023030700497491-1</NtryRef>
                <Amt Ccy="EUR">48.50</Amt>
                <CdtDbtInd>CRDT</CdtDbtInd>
                <Sts>BOOK</Sts>
                <BookgDt>
                    <Dt>2023-03-07</Dt>
                </BookgDt>
                <ValDt>
                    <Dt>2023-03-07</Dt>
                </ValDt>
                <AcctSvcrRef>2023030700497491-1</AcctSvcrRef>
                <BkTxCd>
                    <Domn>
                        <Cd>PMNT</Cd>
                        <Fmly>
                            <Cd>RCDT</Cd>
                            <SubFmlyCd>BOOK</SubFmlyCd>
                        </Fmly>
                    </Domn>
                    <Prtry>
                        <Cd>MK</Cd>
                        <Issr>Swedbank AS</Issr>
                    </Prtry>
                </BkTxCd>
                <NtryDtls>
                    <TxDtls>
                        <Refs>
                            <AcctSvcrRef>2023030700497491-1</AcctSvcrRef>
                            <InstrId>178</InstrId>
                        </Refs>
                        <AmtDtls>
                            <InstdAmt>
                                <Amt Ccy="EUR">48.50</Amt>
                            </InstdAmt>
                            <TxAmt>
                                <Amt Ccy="EUR">48.50</Amt>
                            </TxAmt>
                        </AmtDtls>
                        <RltdPties>
                            <Dbtr>
                                <Nm>ELISABETH POMINOW</Nm>
                                <Id>
                                    <PrvtId>
                                        <Othr>
                                            <Id>4520721XXXX</Id>
                                            <SchmeNm>
                                                <Cd>NIDN</Cd>
                                            </SchmeNm>
                                        </Othr>
                                    </PrvtId>
                                </Id>
                            </Dbtr>
                            <DbtrAcct>
                                <Id>
                                    <IBAN>EE272200221023501307</IBAN>
                                </Id>
                            </DbtrAcct>
                        </RltdPties>
                        <RltdAgts>
                            <DbtrAgt>
                                <FinInstnId>
                                    <BIC>HABAEE2X</BIC>
                                </FinInstnId>
                            </DbtrAgt>
                        </RltdAgts>
                        <RmtInf>
                            <Ustrd>1.02.2023-28.02. 2023 Kommunal teenused korter 12 Pominow</Ustrd>
                        </RmtInf>
                    </TxDtls>
                </NtryDtls>
            </Ntry>
            <Ntry>
                <NtryRef>2023030800889333-1</NtryRef>
                <Amt Ccy="EUR">83.87</Amt>
                <CdtDbtInd>CRDT</CdtDbtInd>
                <Sts>BOOK</Sts>
                <BookgDt>
                    <Dt>2023-03-08</Dt>
                </BookgDt>
                <ValDt>
                    <Dt>2023-03-08</Dt>
                </ValDt>
                <AcctSvcrRef>2023030800889333-1</AcctSvcrRef>
                <BkTxCd>
                    <Domn>
                        <Cd>PMNT</Cd>
                        <Fmly>
                            <Cd>RCDT</Cd>
                            <SubFmlyCd>BOOK</SubFmlyCd>
                        </Fmly>
                    </Domn>
                    <Prtry>
                        <Cd>MK</Cd>
                        <Issr>Swedbank AS</Issr>
                    </Prtry>
                </BkTxCd>
                <NtryDtls>
                    <TxDtls>
                        <Refs>
                            <AcctSvcrRef>2023030800889333-1</AcctSvcrRef>
                        </Refs>
                        <AmtDtls>
                            <InstdAmt>
                                <Amt Ccy="EUR">83.87</Amt>
                            </InstdAmt>
                            <TxAmt>
                                <Amt Ccy="EUR">83.87</Amt>
                            </TxAmt>
                        </AmtDtls>
                        <RltdPties>
                            <Dbtr>
                                <Nm>JAANIKA MADISSON</Nm>
                                <Id>
                                    <PrvtId>
                                        <Othr>
                                            <Id>49406050284</Id>
                                            <SchmeNm>
                                                <Cd>NIDN</Cd>
                                            </SchmeNm>
                                        </Othr>
                                    </PrvtId>
                                </Id>
                            </Dbtr>
                            <DbtrAcct>
                                <Id>
                                    <IBAN>EE622200221055830680</IBAN>
                                </Id>
                            </DbtrAcct>
                        </RltdPties>
                        <RltdAgts>
                            <DbtrAgt>
                                <FinInstnId>
                                    <BIC>HABAEE2X</BIC>
                                </FinInstnId>
                            </DbtrAgt>
                        </RltdAgts>
                        <RmtInf>
                            <Ustrd>arve nr 23/02/011, KRT 11</Ustrd>
                        </RmtInf>
                    </TxDtls>
                </NtryDtls>
            </Ntry>
            <Ntry>
                <NtryRef>2023030800923066-1</NtryRef>
                <Amt Ccy="EUR">81.69</Amt>
                <CdtDbtInd>CRDT</CdtDbtInd>
                <Sts>BOOK</Sts>
                <BookgDt>
                    <Dt>2023-03-08</Dt>
                </BookgDt>
                <ValDt>
                    <Dt>2023-03-08</Dt>
                </ValDt>
                <AcctSvcrRef>2023030800923066-1</AcctSvcrRef>
                <BkTxCd>
                    <Domn>
                        <Cd>PMNT</Cd>
                        <Fmly>
                            <Cd>RCDT</Cd>
                            <SubFmlyCd>BOOK</SubFmlyCd>
                        </Fmly>
                    </Domn>
                    <Prtry>
                        <Cd>MK</Cd>
                        <Issr>Swedbank AS</Issr>
                    </Prtry>
                </BkTxCd>
                <NtryDtls>
                    <TxDtls>
                        <Refs>
                            <AcctSvcrRef>2023030800923066-1</AcctSvcrRef>
                            <InstrId>133</InstrId>
                        </Refs>
                        <AmtDtls>
                            <InstdAmt>
                                <Amt Ccy="EUR">81.69</Amt>
                            </InstdAmt>
                            <TxAmt>
                                <Amt Ccy="EUR">81.69</Amt>
                            </TxAmt>
                        </AmtDtls>
                        <RltdPties>
                            <Dbtr>
                                <Nm>KAI BALTMISCHKIS</Nm>
                                <Id>
                                    <PrvtId>
                                        <Othr>
                                            <Id>47404260408</Id>
                                            <SchmeNm>
                                                <Cd>NIDN</Cd>
                                            </SchmeNm>
                                        </Othr>
                                    </PrvtId>
                                </Id>
                            </Dbtr>
                            <DbtrAcct>
                                <Id>
                                    <IBAN>EE782200001100881762</IBAN>
                                </Id>
                            </DbtrAcct>
                        </RltdPties>
                        <RltdAgts>
                            <DbtrAgt>
                                <FinInstnId>
                                    <BIC>HABAEE2X</BIC>
                                </FinInstnId>
                            </DbtrAgt>
                        </RltdAgts>
                        <RmtInf>
                            <Ustrd>Arve nr 23/02\005</Ustrd>
                        </RmtInf>
                    </TxDtls>
                </NtryDtls>
            </Ntry>
            <Ntry>
                <NtryRef>2023030902130610-1</NtryRef>
                <Amt Ccy="EUR">182.55</Amt>
                <CdtDbtInd>CRDT</CdtDbtInd>
                <Sts>BOOK</Sts>
                <BookgDt>
                    <Dt>2023-03-09</Dt>
                </BookgDt>
                <ValDt>
                    <Dt>2023-03-09</Dt>
                </ValDt>
                <AcctSvcrRef>2023030902130610-1</AcctSvcrRef>
                <BkTxCd>
                    <Domn>
                        <Cd>PMNT</Cd>
                        <Fmly>
                            <Cd>RCDT</Cd>
                            <SubFmlyCd>BOOK</SubFmlyCd>
                        </Fmly>
                    </Domn>
                    <Prtry>
                        <Cd>MK</Cd>
                        <Issr>Swedbank AS</Issr>
                    </Prtry>
                </BkTxCd>
                <NtryDtls>
                    <TxDtls>
                        <Refs>
                            <AcctSvcrRef>2023030902130610-1</AcctSvcrRef>
                        </Refs>
                        <AmtDtls>
                            <InstdAmt>
                                <Amt Ccy="EUR">182.55</Amt>
                            </InstdAmt>
                            <TxAmt>
                                <Amt Ccy="EUR">182.55</Amt>
                            </TxAmt>
                        </AmtDtls>
                        <RltdPties>
                            <Dbtr>
                                <Nm>LESZEK GOŁĘBIOWSKI</Nm>
                                <Id>
                                    <PrvtId>
                                        <Othr>
                                            <Id>38309190065</Id>
                                            <SchmeNm>
                                                <Cd>NIDN</Cd>
                                            </SchmeNm>
                                        </Othr>
                                    </PrvtId>
                                </Id>
                            </Dbtr>
                            <DbtrAcct>
                                <Id>
                                    <IBAN>EE172200221033724705</IBAN>
                                </Id>
                            </DbtrAcct>
                        </RltdPties>
                        <RltdAgts>
                            <DbtrAgt>
                                <FinInstnId>
                                    <BIC>HABAEE2X</BIC>
                                </FinInstnId>
                            </DbtrAgt>
                        </RltdAgts>
                        <RmtInf>
                            <Ustrd>ARVE nr. 23/02/024</Ustrd>
                        </RmtInf>
                    </TxDtls>
                </NtryDtls>
            </Ntry>
            <Ntry>
                <NtryRef>2023031001284007-1</NtryRef>
                <Amt Ccy="EUR">90.43</Amt>
                <CdtDbtInd>CRDT</CdtDbtInd>
                <Sts>BOOK</Sts>
                <BookgDt>
                    <Dt>2023-03-10</Dt>
                </BookgDt>
                <ValDt>
                    <Dt>2023-03-10</Dt>
                </ValDt>
                <AcctSvcrRef>2023031001284007-1</AcctSvcrRef>
                <BkTxCd>
                    <Domn>
                        <Cd>PMNT</Cd>
                        <Fmly>
                            <Cd>RCDT</Cd>
                            <SubFmlyCd>BOOK</SubFmlyCd>
                        </Fmly>
                    </Domn>
                    <Prtry>
                        <Cd>MK</Cd>
                        <Issr>Swedbank AS</Issr>
                    </Prtry>
                </BkTxCd>
                <NtryDtls>
                    <TxDtls>
                        <Refs>
                            <AcctSvcrRef>2023031001284007-1</AcctSvcrRef>
                        </Refs>
                        <AmtDtls>
                            <InstdAmt>
                                <Amt Ccy="EUR">90.43</Amt>
                            </InstdAmt>
                            <TxAmt>
                                <Amt Ccy="EUR">90.43</Amt>
                            </TxAmt>
                        </AmtDtls>
                        <RltdPties>
                            <Dbtr>
                                <Nm>KERLI HALLISTE</Nm>
                                <Id>
                                    <PrvtId>
                                        <Othr>
                                            <Id>49303050222</Id>
                                            <SchmeNm>
                                                <Cd>NIDN</Cd>
                                            </SchmeNm>
                                        </Othr>
                                    </PrvtId>
                                </Id>
                            </Dbtr>
                            <DbtrAcct>
                                <Id>
                                    <IBAN>EE392200221014872359</IBAN>
                                </Id>
                            </DbtrAcct>
                        </RltdPties>
                        <RltdAgts>
                            <DbtrAgt>
                                <FinInstnId>
                                    <BIC>HABAEE2X</BIC>
                                </FinInstnId>
                            </DbtrAgt>
                        </RltdAgts>
                        <RmtInf>
                            <Ustrd>Makse</Ustrd>
                        </RmtInf>
                    </TxDtls>
                </NtryDtls>
            </Ntry>
            <Ntry>
                <NtryRef>2023031100072772-1</NtryRef>
                <Amt Ccy="EUR">80.00</Amt>
                <CdtDbtInd>CRDT</CdtDbtInd>
                <Sts>BOOK</Sts>
                <BookgDt>
                    <Dt>2023-03-11</Dt>
                </BookgDt>
                <ValDt>
                    <Dt>2023-03-11</Dt>
                </ValDt>
                <AcctSvcrRef>2023031100072772-1</AcctSvcrRef>
                <BkTxCd>
                    <Domn>
                        <Cd>PMNT</Cd>
                        <Fmly>
                            <Cd>RCDT</Cd>
                            <SubFmlyCd>BOOK</SubFmlyCd>
                        </Fmly>
                    </Domn>
                    <Prtry>
                        <Cd>MK</Cd>
                        <Issr>Swedbank AS</Issr>
                    </Prtry>
                </BkTxCd>
                <NtryDtls>
                    <TxDtls>
                        <Refs>
                            <AcctSvcrRef>2023031100072772-1</AcctSvcrRef>
                            <InstrId>17</InstrId>
                        </Refs>
                        <AmtDtls>
                            <InstdAmt>
                                <Amt Ccy="EUR">80.00</Amt>
                            </InstdAmt>
                            <TxAmt>
                                <Amt Ccy="EUR">80.00</Amt>
                            </TxAmt>
                        </AmtDtls>
                        <RltdPties>
                            <Dbtr>
                                <Nm>KLARA PETROVA</Nm>
                                <Id>
                                    <PrvtId>
                                        <Othr>
                                            <Id>45103080358</Id>
                                            <SchmeNm>
                                                <Cd>NIDN</Cd>
                                            </SchmeNm>
                                        </Othr>
                                    </PrvtId>
                                </Id>
                            </Dbtr>
                            <DbtrAcct>
                                <Id>
                                    <IBAN>EE582200001106327411</IBAN>
                                </Id>
                            </DbtrAcct>
                        </RltdPties>
                        <RltdAgts>
                            <DbtrAgt>
                                <FinInstnId>
                                    <BIC>HABAEE2XXXX</BIC>
                                </FinInstnId>
                            </DbtrAgt>
                        </RltdAgts>
                        <RmtInf>
                            <Ustrd>ARVE TASUMINE METSA 10-10</Ustrd>
                        </RmtInf>
                    </TxDtls>
                </NtryDtls>
            </Ntry>
            <Ntry>
                <NtryRef>2023031200089894-1</NtryRef>
                <Amt Ccy="EUR">62.50</Amt>
                <CdtDbtInd>DBIT</CdtDbtInd>
                <Sts>BOOK</Sts>
                <BookgDt>
                    <Dt>2023-03-12</Dt>
                </BookgDt>
                <ValDt>
                    <Dt>2023-03-12</Dt>
                </ValDt>
                <AcctSvcrRef>2023031200089894-1</AcctSvcrRef>
                <BkTxCd>
                    <Domn>
                        <Cd>PMNT</Cd>
                        <Fmly>
                            <Cd>ICDT</Cd>
                            <SubFmlyCd>AUTT</SubFmlyCd>
                        </Fmly>
                    </Domn>
                    <Prtry>
                        <Cd>MK</Cd>
                        <Issr>Swedbank AS</Issr>
                    </Prtry>
                </BkTxCd>
                <NtryDtls>
                    <TxDtls>
                        <Refs>
                            <AcctSvcrRef>2023031200089894-1</AcctSvcrRef>
                            <InstrId>SOP</InstrId>
                            <EndToEndId>TLNO23044933</EndToEndId>
                        </Refs>
                        <AmtDtls>
                            <InstdAmt>
                                <Amt Ccy="EUR">62.50</Amt>
                            </InstdAmt>
                            <TxAmt>
                                <Amt Ccy="EUR">62.50</Amt>
                            </TxAmt>
                        </AmtDtls>
                        <RltdPties>
                            <UltmtDbtr>
                                <Id>
                                    <PrvtId>
                                        <Othr>
                                            <Id>11182302</Id>
                                            <SchmeNm>
                                                <Cd>CUST</Cd>
                                            </SchmeNm>
                                        </Othr>
                                    </PrvtId>
                                </Id>
                            </UltmtDbtr>
                            <Cdtr>
                                <Nm>EESTI KESKKONNATEENUSED AS</Nm>
                                <Id>
                                    <OrgId>
                                        <Othr>
                                            <Id>10277820</Id>
                                            <SchmeNm>
                                                <Cd>COID</Cd>
                                            </SchmeNm>
                                        </Othr>
                                    </OrgId>
                                </Id>
                                <CtryOfRes>EE</CtryOfRes>
                            </Cdtr>
                            <CdtrAcct>
                                <Id>
                                    <IBAN>EE242200221017930942</IBAN>
                                </Id>
                            </CdtrAcct>
                        </RltdPties>
                        <RltdAgts>
                            <CdtrAgt>
                                <FinInstnId>
                                    <BIC>HABAEE2XXXX</BIC>
                                </FinInstnId>
                            </CdtrAgt>
                        </RltdAgts>
                        <RmtInf>
                            <Ustrd>TLNO23044933</Ustrd>
                            <Strd>
                                <CdtrRefInf>
                                    <Tp>
                                        <CdOrPrtry>
                                            <Cd>SCOR</Cd>
                                        </CdOrPrtry>
                                    </Tp>
                                    <Ref>11182302</Ref>
                                </CdtrRefInf>
                            </Strd>
                        </RmtInf>
                    </TxDtls>
                </NtryDtls>
            </Ntry>
            <Ntry>
                <NtryRef>2023031200692495-1</NtryRef>
                <Amt Ccy="EUR">83.87</Amt>
                <CdtDbtInd>CRDT</CdtDbtInd>
                <Sts>BOOK</Sts>
                <BookgDt>
                    <Dt>2023-03-12</Dt>
                </BookgDt>
                <ValDt>
                    <Dt>2023-03-12</Dt>
                </ValDt>
                <AcctSvcrRef>2023031200692495-1</AcctSvcrRef>
                <BkTxCd>
                    <Domn>
                        <Cd>PMNT</Cd>
                        <Fmly>
                            <Cd>RCDT</Cd>
                            <SubFmlyCd>BOOK</SubFmlyCd>
                        </Fmly>
                    </Domn>
                    <Prtry>
                        <Cd>MK</Cd>
                        <Issr>Swedbank AS</Issr>
                    </Prtry>
                </BkTxCd>
                <NtryDtls>
                    <TxDtls>
                        <Refs>
                            <AcctSvcrRef>2023031200692495-1</AcctSvcrRef>
                        </Refs>
                        <AmtDtls>
                            <InstdAmt>
                                <Amt Ccy="EUR">83.87</Amt>
                            </InstdAmt>
                            <TxAmt>
                                <Amt Ccy="EUR">83.87</Amt>
                            </TxAmt>
                        </AmtDtls>
                        <RltdPties>
                            <Dbtr>
                                <Nm>ANŽELIKA SOLOVOVA</Nm>
                                <Id>
                                    <PrvtId>
                                        <Othr>
                                            <Id>47102160362</Id>
                                            <SchmeNm>
                                                <Cd>NIDN</Cd>
                                            </SchmeNm>
                                        </Othr>
                                    </PrvtId>
                                </Id>
                            </Dbtr>
                            <DbtrAcct>
                                <Id>
                                    <IBAN>EE632200001103679803</IBAN>
                                </Id>
                            </DbtrAcct>
                        </RltdPties>
                        <RltdAgts>
                            <DbtrAgt>
                                <FinInstnId>
                                    <BIC>HABAEE2X</BIC>
                                </FinInstnId>
                            </DbtrAgt>
                        </RltdAgts>
                        <RmtInf>
                            <Ustrd>Metsa 10-18 arve 23/02\018</Ustrd>
                        </RmtInf>
                    </TxDtls>
                </NtryDtls>
            </Ntry>
            <Ntry>
                <NtryRef>2023031300487156-1</NtryRef>
                <Amt Ccy="EUR">55.00</Amt>
                <CdtDbtInd>CRDT</CdtDbtInd>
                <Sts>BOOK</Sts>
                <BookgDt>
                    <Dt>2023-03-13</Dt>
                </BookgDt>
                <ValDt>
                    <Dt>2023-03-13</Dt>
                </ValDt>
                <AcctSvcrRef>2023031300487156-1</AcctSvcrRef>
                <BkTxCd>
                    <Domn>
                        <Cd>PMNT</Cd>
                        <Fmly>
                            <Cd>RCDT</Cd>
                            <SubFmlyCd>ESCT</SubFmlyCd>
                        </Fmly>
                    </Domn>
                    <Prtry>
                        <Cd>MK</Cd>
                        <Issr>Swedbank AS</Issr>
                    </Prtry>
                </BkTxCd>
                <NtryDtls>
                    <TxDtls>
                        <Refs>
                            <AcctSvcrRef>2023031300487156-1</AcctSvcrRef>
                            <EndToEndId>NOTPROVIDED</EndToEndId>
                        </Refs>
                        <AmtDtls>
                            <InstdAmt>
                                <Amt Ccy="EUR">55.00</Amt>
                            </InstdAmt>
                            <TxAmt>
                                <Amt Ccy="EUR">55.00</Amt>
                            </TxAmt>
                        </AmtDtls>
                        <RltdPties>
                            <Dbtr>
                                <Nm>YUSHCHENKO MARINA</Nm>
                                <Id>
                                    <PrvtId>
                                        <Othr>
                                            <Id>47512190224</Id>
                                            <SchmeNm>
                                                <Cd>NIDN</Cd>
                                            </SchmeNm>
                                        </Othr>
                                    </PrvtId>
                                </Id>
                            </Dbtr>
                            <DbtrAcct>
                                <Id>
                                    <IBAN>EE671010010121985013</IBAN>
                                </Id>
                            </DbtrAcct>
                        </RltdPties>
                        <RltdAgts>
                            <DbtrAgt>
                                <FinInstnId>
                                    <BIC>EEUHEE2X</BIC>
                                </FinInstnId>
                            </DbtrAgt>
                        </RltdAgts>
                        <RmtInf>
                            <Ustrd>Karjaküla, Metsa 10-19, Malosenkova O. Arve nr. 23/01/019</Ustrd>
                        </RmtInf>
                    </TxDtls>
                </NtryDtls>
            </Ntry>
            <Ntry>
                <NtryRef>2023031300767884-1</NtryRef>
                <Amt Ccy="EUR">11.06</Amt>
                <CdtDbtInd>CRDT</CdtDbtInd>
                <Sts>BOOK</Sts>
                <BookgDt>
                    <Dt>2023-03-13</Dt>
                </BookgDt>
                <ValDt>
                    <Dt>2023-03-13</Dt>
                </ValDt>
                <AcctSvcrRef>2023031300767884-1</AcctSvcrRef>
                <BkTxCd>
                    <Domn>
                        <Cd>PMNT</Cd>
                        <Fmly>
                            <Cd>RCDT</Cd>
                            <SubFmlyCd>BOOK</SubFmlyCd>
                        </Fmly>
                    </Domn>
                    <Prtry>
                        <Cd>MK</Cd>
                        <Issr>Swedbank AS</Issr>
                    </Prtry>
                </BkTxCd>
                <NtryDtls>
                    <TxDtls>
                        <Refs>
                            <AcctSvcrRef>2023031300767884-1</AcctSvcrRef>
                        </Refs>
                        <AmtDtls>
                            <InstdAmt>
                                <Amt Ccy="EUR">11.06</Amt>
                            </InstdAmt>
                            <TxAmt>
                                <Amt Ccy="EUR">11.06</Amt>
                            </TxAmt>
                        </AmtDtls>
                        <RltdPties>
                            <Dbtr>
                                <Nm>NIINA KALAŠNIKOVA</Nm>
                                <Id>
                                    <PrvtId>
                                        <Othr>
                                            <Id>44912180245</Id>
                                            <SchmeNm>
                                                <Cd>NIDN</Cd>
                                            </SchmeNm>
                                        </Othr>
                                    </PrvtId>
                                </Id>
                            </Dbtr>
                            <DbtrAcct>
                                <Id>
                                    <IBAN>EE512200001102324638</IBAN>
                                </Id>
                            </DbtrAcct>
                        </RltdPties>
                        <RltdAgts>
                            <DbtrAgt>
                                <FinInstnId>
                                    <BIC>HABAEE2X</BIC>
                                </FinInstnId>
                            </DbtrAgt>
                        </RltdAgts>
                        <RmtInf>
                            <Ustrd>METSA 10-21</Ustrd>
                        </RmtInf>
                    </TxDtls>
                </NtryDtls>
            </Ntry>
            <Ntry>
                <NtryRef>2023031300925690-1</NtryRef>
                <Amt Ccy="EUR">120.26</Amt>
                <CdtDbtInd>CRDT</CdtDbtInd>
                <Sts>BOOK</Sts>
                <BookgDt>
                    <Dt>2023-03-13</Dt>
                </BookgDt>
                <ValDt>
                    <Dt>2023-03-13</Dt>
                </ValDt>
                <AcctSvcrRef>2023031300925690-1</AcctSvcrRef>
                <BkTxCd>
                    <Domn>
                        <Cd>PMNT</Cd>
                        <Fmly>
                            <Cd>RCDT</Cd>
                            <SubFmlyCd>BOOK</SubFmlyCd>
                        </Fmly>
                    </Domn>
                    <Prtry>
                        <Cd>MK</Cd>
                        <Issr>Swedbank AS</Issr>
                    </Prtry>
                </BkTxCd>
                <NtryDtls>
                    <TxDtls>
                        <Refs>
                            <AcctSvcrRef>2023031300925690-1</AcctSvcrRef>
                        </Refs>
                        <AmtDtls>
                            <InstdAmt>
                                <Amt Ccy="EUR">120.26</Amt>
                            </InstdAmt>
                            <TxAmt>
                                <Amt Ccy="EUR">120.26</Amt>
                            </TxAmt>
                        </AmtDtls>
                        <RltdPties>
                            <Dbtr>
                                <Nm>JELENA DUB</Nm>
                                <Id>
                                    <PrvtId>
                                        <Othr>
                                            <Id>47307280216</Id>
                                            <SchmeNm>
                                                <Cd>NIDN</Cd>
                                            </SchmeNm>
                                        </Othr>
                                    </PrvtId>
                                </Id>
                            </Dbtr>
                            <DbtrAcct>
                                <Id>
                                    <IBAN>EE852200001102332756</IBAN>
                                </Id>
                            </DbtrAcct>
                        </RltdPties>
                        <RltdAgts>
                            <DbtrAgt>
                                <FinInstnId>
                                    <BIC>HABAEE2X</BIC>
                                </FinInstnId>
                            </DbtrAgt>
                        </RltdAgts>
                        <RmtInf>
                            <Ustrd>arve nr. 23/02/14 metsa 10-14</Ustrd>
                        </RmtInf>
                    </TxDtls>
                </NtryDtls>
            </Ntry>
            <Ntry>
                <NtryRef>2023031300978799-1</NtryRef>
                <Amt Ccy="EUR">76.35</Amt>
                <CdtDbtInd>CRDT</CdtDbtInd>
                <Sts>BOOK</Sts>
                <BookgDt>
                    <Dt>2023-03-13</Dt>
                </BookgDt>
                <ValDt>
                    <Dt>2023-03-13</Dt>
                </ValDt>
                <AcctSvcrRef>2023031300978799-1</AcctSvcrRef>
                <BkTxCd>
                    <Domn>
                        <Cd>PMNT</Cd>
                        <Fmly>
                            <Cd>RCDT</Cd>
                            <SubFmlyCd>BOOK</SubFmlyCd>
                        </Fmly>
                    </Domn>
                    <Prtry>
                        <Cd>MK</Cd>
                        <Issr>Swedbank AS</Issr>
                    </Prtry>
                </BkTxCd>
                <NtryDtls>
                    <TxDtls>
                        <Refs>
                            <AcctSvcrRef>2023031300978799-1</AcctSvcrRef>
                        </Refs>
                        <AmtDtls>
                            <InstdAmt>
                                <Amt Ccy="EUR">76.35</Amt>
                            </InstdAmt>
                            <TxAmt>
                                <Amt Ccy="EUR">76.35</Amt>
                            </TxAmt>
                        </AmtDtls>
                        <RltdPties>
                            <Dbtr>
                                <Nm>LARISSA MEDIK</Nm>
                                <Id>
                                    <PrvtId>
                                        <Othr>
                                            <Id>46409280227</Id>
                                            <SchmeNm>
                                                <Cd>NIDN</Cd>
                                            </SchmeNm>
                                        </Othr>
                                    </PrvtId>
                                </Id>
                            </Dbtr>
                            <DbtrAcct>
                                <Id>
                                    <IBAN>EE182200001108240680</IBAN>
                                </Id>
                            </DbtrAcct>
                        </RltdPties>
                        <RltdAgts>
                            <DbtrAgt>
                                <FinInstnId>
                                    <BIC>HABAEE2X</BIC>
                                </FinInstnId>
                            </DbtrAgt>
                        </RltdAgts>
                        <RmtInf>
                            <Ustrd>arve nr.23/02/004 metsa 10-4</Ustrd>
                        </RmtInf>
                    </TxDtls>
                </NtryDtls>
            </Ntry>
            <Ntry>
                <NtryRef>2023031400834482-1</NtryRef>
                <Amt Ccy="EUR">68.63</Amt>
                <CdtDbtInd>CRDT</CdtDbtInd>
                <Sts>BOOK</Sts>
                <BookgDt>
                    <Dt>2023-03-14</Dt>
                </BookgDt>
                <ValDt>
                    <Dt>2023-03-14</Dt>
                </ValDt>
                <AcctSvcrRef>2023031400834482-1</AcctSvcrRef>
                <BkTxCd>
                    <Domn>
                        <Cd>PMNT</Cd>
                        <Fmly>
                            <Cd>RCDT</Cd>
                            <SubFmlyCd>BOOK</SubFmlyCd>
                        </Fmly>
                    </Domn>
                    <Prtry>
                        <Cd>MK</Cd>
                        <Issr>Swedbank AS</Issr>
                    </Prtry>
                </BkTxCd>
                <NtryDtls>
                    <TxDtls>
                        <Refs>
                            <AcctSvcrRef>2023031400834482-1</AcctSvcrRef>
                            <InstrId>36</InstrId>
                        </Refs>
                        <AmtDtls>
                            <InstdAmt>
                                <Amt Ccy="EUR">68.63</Amt>
                            </InstdAmt>
                            <TxAmt>
                                <Amt Ccy="EUR">68.63</Amt>
                            </TxAmt>
                        </AmtDtls>
                        <RltdPties>
                            <Dbtr>
                                <Nm>MAIE KEERSALU</Nm>
                                <Id>
                                    <PrvtId>
                                        <Othr>
                                            <Id>44805010340</Id>
                                            <SchmeNm>
                                                <Cd>NIDN</Cd>
                                            </SchmeNm>
                                        </Othr>
                                    </PrvtId>
                                </Id>
                            </Dbtr>
                            <DbtrAcct>
                                <Id>
                                    <IBAN>EE932200221015115536</IBAN>
                                </Id>
                            </DbtrAcct>
                        </RltdPties>
                        <RltdAgts>
                            <DbtrAgt>
                                <FinInstnId>
                                    <BIC>HABAEE2X</BIC>
                                </FinInstnId>
                            </DbtrAgt>
                        </RltdAgts>
                        <RmtInf>
                            <Ustrd>METSA TN. 10-20, KOM.TEENUSED</Ustrd>
                        </RmtInf>
                    </TxDtls>
                </NtryDtls>
            </Ntry>
            <Ntry>
                <NtryRef>2023031500185348-1</NtryRef>
                <Amt Ccy="EUR">70.00</Amt>
                <CdtDbtInd>CRDT</CdtDbtInd>
                <Sts>BOOK</Sts>
                <BookgDt>
                    <Dt>2023-03-15</Dt>
                </BookgDt>
                <ValDt>
                    <Dt>2023-03-15</Dt>
                </ValDt>
                <AcctSvcrRef>2023031500185348-1</AcctSvcrRef>
                <BkTxCd>
                    <Domn>
                        <Cd>PMNT</Cd>
                        <Fmly>
                            <Cd>RCDT</Cd>
                            <SubFmlyCd>BOOK</SubFmlyCd>
                        </Fmly>
                    </Domn>
                    <Prtry>
                        <Cd>MK</Cd>
                        <Issr>Swedbank AS</Issr>
                    </Prtry>
                </BkTxCd>
                <NtryDtls>
                    <TxDtls>
                        <Refs>
                            <AcctSvcrRef>2023031500185348-1</AcctSvcrRef>
                            <InstrId>7</InstrId>
                        </Refs>
                        <AmtDtls>
                            <InstdAmt>
                                <Amt Ccy="EUR">70.00</Amt>
                            </InstdAmt>
                            <TxAmt>
                                <Amt Ccy="EUR">70.00</Amt>
                            </TxAmt>
                        </AmtDtls>
                        <RltdPties>
                            <Dbtr>
                                <Nm>KONSTANTIN GUK</Nm>
                                <Id>
                                    <PrvtId>
                                        <Othr>
                                            <Id>35908090229</Id>
                                            <SchmeNm>
                                                <Cd>NIDN</Cd>
                                            </SchmeNm>
                                        </Othr>
                                    </PrvtId>
                                </Id>
                            </Dbtr>
                            <DbtrAcct>
                                <Id>
                                    <IBAN>EE092200221011865026</IBAN>
                                </Id>
                            </DbtrAcct>
                        </RltdPties>
                        <RltdAgts>
                            <DbtrAgt>
                                <FinInstnId>
                                    <BIC>HABAEE2XXXX</BIC>
                                </FinInstnId>
                            </DbtrAgt>
                        </RltdAgts>
                        <RmtInf>
                            <Ustrd>KOMMUNAALMAKSED</Ustrd>
                        </RmtInf>
                    </TxDtls>
                </NtryDtls>
            </Ntry>
            <Ntry>
                <NtryRef>2023031500352844-1</NtryRef>
                <Amt Ccy="EUR">510.38</Amt>
                <CdtDbtInd>DBIT</CdtDbtInd>
                <Sts>BOOK</Sts>
                <BookgDt>
                    <Dt>2023-03-15</Dt>
                </BookgDt>
                <ValDt>
                    <Dt>2023-03-15</Dt>
                </ValDt>
                <AcctSvcrRef>2023031500352844-1</AcctSvcrRef>
                <BkTxCd>
                    <Domn>
                        <Cd>PMNT</Cd>
                        <Fmly>
                            <Cd>ICDT</Cd>
                            <SubFmlyCd>AUTT</SubFmlyCd>
                        </Fmly>
                    </Domn>
                    <Prtry>
                        <Cd>MK</Cd>
                        <Issr>Swedbank AS</Issr>
                    </Prtry>
                </BkTxCd>
                <NtryDtls>
                    <TxDtls>
                        <Refs>
                            <AcctSvcrRef>2023031500352844-1</AcctSvcrRef>
                            <InstrId>SOP</InstrId>
                            <EndToEndId>M24873</EndToEndId>
                        </Refs>
                        <AmtDtls>
                            <InstdAmt>
                                <Amt Ccy="EUR">510.38</Amt>
                            </InstdAmt>
                            <TxAmt>
                                <Amt Ccy="EUR">510.38</Amt>
                            </TxAmt>
                        </AmtDtls>
                        <RltdPties>
                            <UltmtDbtr>
                                <Id>
                                    <PrvtId>
                                        <Othr>
                                            <Id>10010077</Id>
                                            <SchmeNm>
                                                <Cd>CUST</Cd>
                                            </SchmeNm>
                                        </Othr>
                                    </PrvtId>
                                </Id>
                            </UltmtDbtr>
                            <Cdtr>
                                <Nm>AS LAHEVESI</Nm>
                                <Id>
                                    <OrgId>
                                        <Othr>
                                            <Id>11492271</Id>
                                            <SchmeNm>
                                                <Cd>COID</Cd>
                                            </SchmeNm>
                                        </Othr>
                                    </OrgId>
                                </Id>
                                <CtryOfRes>EE</CtryOfRes>
                            </Cdtr>
                            <CdtrAcct>
                                <Id>
                                    <IBAN>EE142200221040735046</IBAN>
                                </Id>
                            </CdtrAcct>
                        </RltdPties>
                        <RltdAgts>
                            <CdtrAgt>
                                <FinInstnId>
                                    <BIC>HABAEE2XXXX</BIC>
                                </FinInstnId>
                            </CdtrAgt>
                        </RltdAgts>
                        <RmtInf>
                            <Ustrd>M24873</Ustrd>
                            <Strd>
                                <CdtrRefInf>
                                    <Tp>
                                        <CdOrPrtry>
                                            <Cd>SCOR</Cd>
                                        </CdOrPrtry>
                                    </Tp>
                                    <Ref>10010077</Ref>
                                </CdtrRefInf>
                            </Strd>
                        </RmtInf>
                    </TxDtls>
                </NtryDtls>
            </Ntry>
            <Ntry>
                <NtryRef>2023031600419054-1</NtryRef>
                <Amt Ccy="EUR">107.03</Amt>
                <CdtDbtInd>CRDT</CdtDbtInd>
                <Sts>BOOK</Sts>
                <BookgDt>
                    <Dt>2023-03-16</Dt>
                </BookgDt>
                <ValDt>
                    <Dt>2023-03-16</Dt>
                </ValDt>
                <AcctSvcrRef>2023031600419054-1</AcctSvcrRef>
                <BkTxCd>
                    <Domn>
                        <Cd>PMNT</Cd>
                        <Fmly>
                            <Cd>RCDT</Cd>
                            <SubFmlyCd>BOOK</SubFmlyCd>
                        </Fmly>
                    </Domn>
                    <Prtry>
                        <Cd>MK</Cd>
                        <Issr>Swedbank AS</Issr>
                    </Prtry>
                </BkTxCd>
                <NtryDtls>
                    <TxDtls>
                        <Refs>
                            <AcctSvcrRef>2023031600419054-1</AcctSvcrRef>
                        </Refs>
                        <AmtDtls>
                            <InstdAmt>
                                <Amt Ccy="EUR">107.03</Amt>
                            </InstdAmt>
                            <TxAmt>
                                <Amt Ccy="EUR">107.03</Amt>
                            </TxAmt>
                        </AmtDtls>
                        <RltdPties>
                            <Dbtr>
                                <Nm>KRISTI MOISTO</Nm>
                                <Id>
                                    <PrvtId>
                                        <Othr>
                                            <Id>47801250039</Id>
                                            <SchmeNm>
                                                <Cd>NIDN</Cd>
                                            </SchmeNm>
                                        </Othr>
                                    </PrvtId>
                                </Id>
                            </Dbtr>
                            <DbtrAcct>
                                <Id>
                                    <IBAN>EE142200001106230524</IBAN>
                                </Id>
                            </DbtrAcct>
                        </RltdPties>
                        <RltdAgts>
                            <DbtrAgt>
                                <FinInstnId>
                                    <BIC>HABAEE2X</BIC>
                                </FinInstnId>
                            </DbtrAgt>
                        </RltdAgts>
                        <RmtInf>
                            <Ustrd>arve nr. 23/02/022 veebruar 2023</Ustrd>
                        </RmtInf>
                    </TxDtls>
                </NtryDtls>
            </Ntry>
            <Ntry>
                <NtryRef>2023031600426994-1</NtryRef>
                <Amt Ccy="EUR">78.34</Amt>
                <CdtDbtInd>CRDT</CdtDbtInd>
                <Sts>BOOK</Sts>
                <BookgDt>
                    <Dt>2023-03-16</Dt>
                </BookgDt>
                <ValDt>
                    <Dt>2023-03-16</Dt>
                </ValDt>
                <AcctSvcrRef>2023031600426994-1</AcctSvcrRef>
                <BkTxCd>
                    <Domn>
                        <Cd>PMNT</Cd>
                        <Fmly>
                            <Cd>RCDT</Cd>
                            <SubFmlyCd>ESCT</SubFmlyCd>
                        </Fmly>
                    </Domn>
                    <Prtry>
                        <Cd>MK</Cd>
                        <Issr>Swedbank AS</Issr>
                    </Prtry>
                </BkTxCd>
                <NtryDtls>
                    <TxDtls>
                        <Refs>
                            <AcctSvcrRef>2023031600426994-1</AcctSvcrRef>
                            <EndToEndId>NOTPROVIDED</EndToEndId>
                        </Refs>
                        <AmtDtls>
                            <InstdAmt>
                                <Amt Ccy="EUR">78.34</Amt>
                            </InstdAmt>
                            <TxAmt>
                                <Amt Ccy="EUR">78.34</Amt>
                            </TxAmt>
                        </AmtDtls>
                        <RltdPties>
                            <Dbtr>
                                <Nm>KLIMJUK GALINA</Nm>
                                <Id>
                                    <PrvtId>
                                        <Othr>
                                            <Id>45308210212</Id>
                                            <SchmeNm>
                                                <Cd>NIDN</Cd>
                                            </SchmeNm>
                                        </Othr>
                                    </PrvtId>
                                </Id>
                            </Dbtr>
                            <DbtrAcct>
                                <Id>
                                    <IBAN>EE441700017003986758</IBAN>
                                </Id>
                            </DbtrAcct>
                        </RltdPties>
                        <RltdAgts>
                            <DbtrAgt>
                                <FinInstnId>
                                    <BIC>RIKOEE22</BIC>
                                </FinInstnId>
                            </DbtrAgt>
                        </RltdAgts>
                        <Purp>
                            <Cd>CASH</Cd>
                        </Purp>
                        <RmtInf>
                            <Ustrd>Arve nr.23/02/002</Ustrd>
                        </RmtInf>
                    </TxDtls>
                </NtryDtls>
            </Ntry>
            <Ntry>
                <NtryRef>2023031700145323-1</NtryRef>
                <Amt Ccy="EUR">34.32</Amt>
                <CdtDbtInd>DBIT</CdtDbtInd>
                <Sts>BOOK</Sts>
                <BookgDt>
                    <Dt>2023-03-17</Dt>
                </BookgDt>
                <ValDt>
                    <Dt>2023-03-17</Dt>
                </ValDt>
                <AcctSvcrRef>2023031700145323-1</AcctSvcrRef>
                <BkTxCd>
                    <Domn>
                        <Cd>PMNT</Cd>
                        <Fmly>
                            <Cd>ICDT</Cd>
                            <SubFmlyCd>AUTT</SubFmlyCd>
                        </Fmly>
                    </Domn>
                    <Prtry>
                        <Cd>MK</Cd>
                        <Issr>Swedbank AS</Issr>
                    </Prtry>
                </BkTxCd>
                <NtryDtls>
                    <TxDtls>
                        <Refs>
                            <AcctSvcrRef>2023031700145323-1</AcctSvcrRef>
                            <InstrId>SOP</InstrId>
                            <EndToEndId>771677589171</EndToEndId>
                        </Refs>
                        <AmtDtls>
                            <InstdAmt>
                                <Amt Ccy="EUR">34.32</Amt>
                            </InstdAmt>
                            <TxAmt>
                                <Amt Ccy="EUR">34.32</Amt>
                            </TxAmt>
                        </AmtDtls>
                        <RltdPties>
                            <UltmtDbtr>
                                <Id>
                                    <PrvtId>
                                        <Othr>
                                            <Id>77151000005</Id>
                                            <SchmeNm>
                                                <Cd>CUST</Cd>
                                            </SchmeNm>
                                        </Othr>
                                    </PrvtId>
                                </Id>
                            </UltmtDbtr>
                            <Cdtr>
                                <Nm>EESTI ENERGIA AS</Nm>
                                <Id>
                                    <OrgId>
                                        <Othr>
                                            <Id>10421629</Id>
                                            <SchmeNm>
                                                <Cd>COID</Cd>
                                            </SchmeNm>
                                        </Othr>
                                    </OrgId>
                                </Id>
                                <CtryOfRes>EE</CtryOfRes>
                            </Cdtr>
                            <CdtrAcct>
                                <Id>
                                    <IBAN>EE232200001180005555</IBAN>
                                </Id>
                            </CdtrAcct>
                        </RltdPties>
                        <RltdAgts>
                            <CdtrAgt>
                                <FinInstnId>
                                    <BIC>HABAEE2XXXX</BIC>
                                </FinInstnId>
                            </CdtrAgt>
                        </RltdAgts>
                        <RmtInf>
                            <Ustrd>771677589171</Ustrd>
                            <Strd>
                                <CdtrRefInf>
                                    <Tp>
                                        <CdOrPrtry>
                                            <Cd>SCOR</Cd>
                                        </CdOrPrtry>
                                    </Tp>
                                    <Ref>77151000005</Ref>
                                </CdtrRefInf>
                            </Strd>
                        </RmtInf>
                    </TxDtls>
                </NtryDtls>
            </Ntry>
            <Ntry>
                <NtryRef>2023031700145335-1</NtryRef>
                <Amt Ccy="EUR">65.02</Amt>
                <CdtDbtInd>DBIT</CdtDbtInd>
                <Sts>BOOK</Sts>
                <BookgDt>
                    <Dt>2023-03-17</Dt>
                </BookgDt>
                <ValDt>
                    <Dt>2023-03-17</Dt>
                </ValDt>
                <AcctSvcrRef>2023031700145335-1</AcctSvcrRef>
                <BkTxCd>
                    <Domn>
                        <Cd>PMNT</Cd>
                        <Fmly>
                            <Cd>ICDT</Cd>
                            <SubFmlyCd>AUTT</SubFmlyCd>
                        </Fmly>
                    </Domn>
                    <Prtry>
                        <Cd>MK</Cd>
                        <Issr>Swedbank AS</Issr>
                    </Prtry>
                </BkTxCd>
                <NtryDtls>
                    <TxDtls>
                        <Refs>
                            <AcctSvcrRef>2023031700145335-1</AcctSvcrRef>
                            <InstrId>SOP</InstrId>
                            <EndToEndId>178204703427</EndToEndId>
                        </Refs>
                        <AmtDtls>
                            <InstdAmt>
                                <Amt Ccy="EUR">65.02</Amt>
                            </InstdAmt>
                            <TxAmt>
                                <Amt Ccy="EUR">65.02</Amt>
                            </TxAmt>
                        </AmtDtls>
                        <RltdPties>
                            <UltmtDbtr>
                                <Id>
                                    <PrvtId>
                                        <Othr>
                                            <Id>1789849968</Id>
                                            <SchmeNm>
                                                <Cd>CUST</Cd>
                                            </SchmeNm>
                                        </Othr>
                                    </PrvtId>
                                </Id>
                            </UltmtDbtr>
                            <Cdtr>
                                <Nm>ELEKTRUM EESTI OÜ</Nm>
                                <Id>
                                    <OrgId>
                                        <Othr>
                                            <Id>11399985</Id>
                                            <SchmeNm>
                                                <Cd>COID</Cd>
                                            </SchmeNm>
                                        </Othr>
                                    </OrgId>
                                </Id>
                                <CtryOfRes>EE</CtryOfRes>
                            </Cdtr>
                            <CdtrAcct>
                                <Id>
                                    <IBAN>EE852200221055633162</IBAN>
                                </Id>
                            </CdtrAcct>
                        </RltdPties>
                        <RltdAgts>
                            <CdtrAgt>
                                <FinInstnId>
                                    <BIC>HABAEE2XXXX</BIC>
                                </FinInstnId>
                            </CdtrAgt>
                        </RltdAgts>
                        <RmtInf>
                            <Ustrd>Arve nr. 178204703427</Ustrd>
                        </RmtInf>
                    </TxDtls>
                </NtryDtls>
            </Ntry>
        </Rpt>
    </BkToCstmrAcctRpt>
</Document>